

@incollection{Lamiroy2014Handbook,
  title = {Analysis and Interpretation of Graphical Documents},
  author = {Lamiroy, Bart and Ogier, Jean-Marc},
  keywords = {document analysis ; graphics recognition ; document image interpretation},
  language = {Anglais},
  affiliation = {QGAR - LORIA , Laboratoire Informatique, Image et Interaction - L3I},
  booktitle = {{Handbook of Document Image Processing and Recognition}},
  publisher = {Springer},
  editor = {David Doermann and Karl Tombre },
  audience = {internationale },
  isbn = {978-0-85729-858-4 },
  year = {2014}
}
@PhdThesis{TAPhD2010,
  author = {Anh-Phuong TA},
  title = {Inexact Graph matching techniques: Application to Object detection and Human action recognition},
  school = {INSA de Lyon},
  year = {2010},
  address = {20, rue Albert Einstein, 69621 Villeurbanne Cedex, France}
}
@article{Viola2004robust,
  title={Robust real-time face detection},
  author={Viola, Paul and Jones, Michael J},
  journal={International journal of computer vision},
  volume={57},
  number={2},
  pages={137--154},
  year={2004},
  publisher={Springer}
}
@article{ahmadimpactsOfManga,
  title={IMPACTS OF MANGA ON INDONESIAN READERS SELF-EFFICACY AND BEHAVIOR INTENTIONS TO IMITATE ITS VISUALS},
  journal = {Bulletin of JSSD},
  volume = {59},
  number = {3},
  year = {2012},
  author={AHMAD, Hafiz Aziz and KOYAMA, Shinichi and HIBINO, Haruo}
}
@article{medley2010discerningPictures,
  title={Discerning pictures: How we look at and understand images in comics},
  author={Medley, Stuart},
  journal={Studies in Comics},
  volume={1},
  number={1},
  pages={53--70},
  year={2010},
  publisher={Intellect}
}
@article{cohn2010limits,
  title={The limits of time and transitions: Challenges to theories of sequential image comprehension},
  author={Cohn, Neil},
  journal={Studies in Comics},
  volume={1},
  number={1},
  pages={127--147},
  year={2010},
  publisher={Intellect}
}
@inproceedings{Tobita2010Comic,
 author = {Tobita, Hiroaki},
 title = {Comic Engine: Interactive System for Creating and Browsing Comic Books with Attention Cuing},
 booktitle = {Proceedings of the International Conference on Advanced Visual Interfaces},
 series = {AVI '10},
 year = {2010},
 isbn = {978-1-4503-0076-6},
 location = {Roma, Italy},
 pages = {281--288},
 numpages = {8},
 url = {http://doi.acm.org/10.1145/1842993.1843043},
 doi = {10.1145/1842993.1843043},
 acmid = {1843043},
 publisher = {ACM},
 address = {New York, NY, USA},
 keywords = {animation, attention cuing, browsing, comic, communication, creation, interactive system, visualization technique},
} 
@book{cheung2008face,
  title={Face Detection and Face Recognition of Human-like Characters in Comics},
  author={Cheung, S.C.S. and City University of Hong Kong. Run Run Shaw Library and City University of Hong Kong. Department of Computer Science},
  series={Outstanding academic papers by students},
  url={http://hdl.handle.net/2031/4849},
  year={2008},
  publisher={Run Run Shaw Library, City University of Hong Kong}
}
@inproceedings{Kohei2012,
address = {Kuching, Malaysia},
author = {Takayama, Kohei and Johan, Henry and Nishita, Tomoyuki},
booktitle = {Image Electronics and Visual Computing Workshop (IEVC'12)},
title = {FACE DETECTION AND FACE RECOGNITION OF CARTOON CHARACTERS USING FEATURE EXTRACTION},
year = {2012}
}
@inproceedings{Matsui2011,
address = {New York, New York, USA},
author = {Matsui, Yusuke and Yamasaki, Toshihiko and Aizawa, Kiyoharu},
booktitle = {ACM SIGGRAPH 2011 Posters on - SIGGRAPH '11},
doi = {10.1145/2037715.2037756},
isbn = {9781450309714},
pages = {1},
publisher = {ACM Press},
title = {{Interactive Manga retargeting}},
url = {http://dl.acm.org/citation.cfm?doid=2037715.2037756},
year = {2011}
}

@inproceedings{Sundaresan2012Text,
author={Sundaresan, M. and Ranjini, S.},
booktitle={Pattern Recognition, Informatics and Medical Engineering (PRIME), 2012 International Conference on},
title={Text extraction from digital English comic image using two blobs extraction method},
year={2012},
month={March},
pages={449-452},
keywords={document image processing;image retrieval;natural languages;optical character recognition;text analysis;English text extraction process;blobs extraction method;conversion process;digital English comic image;digital image processing;printed document;text detection;text formatting;text preservation;text recognition;Accuracy;Data mining;Feature extraction;Noise;Optical filters;Text recognition;Balloon Detection;Balloon extraction;Text extraction;Text recognition},
doi={10.1109/ICPRIME.2012.6208388}
}
@incollection{Chan2007Automatic,
year={2007},
isbn={978-3-540-77254-5},
booktitle={Advances in Multimedia Information Processing - PCM 2007},
volume={4810},
series={Lecture Notes in Computer Science},
editor={Ip, HoraceH.-S. and Au, OscarC. and Leung, Howard and Sun, Ming-Ting and Ma, Wei-Ying and Hu, Shi-Min},
doi={10.1007/978-3-540-77255-2_93},
title={Automatic Panel Extraction of Color Comic Images},
url={http://dx.doi.org/10.1007/978-3-540-77255-2_93},
publisher={Springer Berlin Heidelberg},
keywords={Comic processing; panel extraction; image analysis; image segmentation},
author={Chan, ChungHo and Leung, Howard and Komura, Taku},
pages={775-784}
}

@article{anagnostopoulos2008license,
  title={License plate recognition from still images and video sequences: A survey},
  author={Anagnostopoulos, C-N E. and Anagnostopoulos, Ioannis E and Psoroulas, Ioannis D and Loumos, Vassilis and Kayafas, Eleftherios},
  journal={Intelligent Transportation Systems, IEEE Transactions on},
  volume={9},
  number={3},
  pages={377--391},
  year={2008},
  publisher={IEEE}
}
@book{millidge2009comic,
  title={Comic Book Design},
  author={Millidge, G.S.},
  isbn={9780823097968},
  lccn={2009921478},
  url={http://books.google.fr/books?id=3W7mOwAACAAJ},
  year={2009},
  publisher={Watson-Guptill Publications}
}
@book{Marx2006Writing,
  title={Writing for Animation, Comics, and Games},
  author={Christy Marx},
  serie={v. 1},
  url={http://books.google.fr/books?id=2JUanAEACAAJ},
  year={2006},
  isbn={978-0240805825},
  publisher={Focal Press}
}
@inproceedings{Tsai2013Adaptive,
 author = {Tsai, Chia-Jung and Yao, Chih-Yuan and Chiang, Pei-ying and Lai, Yu-Chi and Chi, Ming-Te and Chu, Hung-Kuo and Wong, Yu-Shiang and Wang, Yu-Shuen},
 title = {Adaptive Manga Re-layout on Mobile Device},
 booktitle = {ACM SIGGRAPH 2013 Posters},
 series = {SIGGRAPH '13},
 year = {2013},
 isbn = {978-1-4503-2342-0},
 location = {Anaheim, California},
 pages = {57:1--57:1},
 articleno = {57},
 numpages = {1},
 url = {http://doi.acm.org/10.1145/2503385.2503448},
 doi = {10.1145/2503385.2503448},
 acmid = {2503448},
 publisher = {ACM},
 address = {New York, NY, USA},
} 
@article{Cohn_2013,
 title={Navigating comics: an empirical and theoretical approach to strategies of reading comic page layouts.}, 
 volume={4}, 
 url={http://www.pubmedcentral.nih.gov/articlerender.fcgi?artid=3629985&tool=pmcentrez&rendertype=abstract}, 
 number={April}, 
 journal={Frontiers in psychology}, 
 author={Cohn, Neil}, 
 year={2013}, 
 pages={186}
 }

@article{Neumann12,
AUTHOR = {L. Neumann and J. Matas},
TITLE = {Real-Time Scene Text Localization and Recognition},
journal ={Computer Vision and Pattern Recognition},
YEAR = {2012},
pages = {1485-1490},
publisher = {IEEE Computer Society},
address = {Providence, RI, USA},
}
@INPROCEEDINGS{Epshtein10,
author={Epshtein, B. and Ofek, E. and Wexler, Y.},
booktitle={Computer Vision and Pattern Recognition (CVPR), 2010 IEEE Conference on}, title={Detecting text in natural scenes with stroke width transform},
year={2010},
month={june},
volume={},
number={},
pages={2963 -2970},
keywords={image operator;image pixel;natural images;natural scenes;stroke width transform;text detection;image processing;text analysis;},
doi={10.1109/CVPR.2010.5540041},
ISSN={1063-6919},}

@ARTICLE{Weinman09,
author={Weinman, J.J. and Learned-Miller, E. and Hanson, A.R.},
journal={Pattern Analysis and Machine Intelligence, IEEE Transactions on},
title={Scene Text Recognition Using Similarity and a Lexicon with Sparse Belief Propagation},
year={2009},
volume={31},
number={10},
pages={1733 -1746},
ISSN={0162-8828},
}
@BOOK{Roudier11,
AUTHOR    = {Nicolas Roudier}, 
EDITOR    = {Nicolas Roudier},
TITLE     = {LES TERRES CREUSEES},
PUBLISHER = {Actes Sud},
YEAR      = {2011},
Volume    = {Acte sur BD},
Series    = {},
Address   = {},
Edition   = {},
Month     = {},
Note      = {},
Key       = {}
}
@inproceedings{Clavelli09,
 author = {Clavelli, Antonio and Karatzas, Dimosthenis},
 title = {Text Segmentation in Colour Posters from the Spanish Civil War Era},
 booktitle = {Proceedings of the 2009 10th International Conference on Document Analysis and Recognition},
 series = {ICDAR '09},
 year = {2009},
 isbn = {978-0-7695-3725-2},
 pages = {181--185},
 numpages = {5},
 url = {http://dx.doi.org/10.1109/ICDAR.2009.32},
 doi = {10.1109/ICDAR.2009.32},
 acmid = {1635356},
 publisher = {IEEE Computer Society},
 address = {Washington, DC, USA},
 keywords = {historical documents, colour DIA, text extraction},
} 
@inproceedings{Oliveira10,
 author = {Oliveira, Daniel M. and Lins, Rafael D.},
 title = {Generalizing Tableau to Any Color of Teaching Boards},
 booktitle = {Proceedings of the 2010 20th International Conference on Pattern Recognition},
 series = {ICPR '10},
 year = {2010},
 isbn = {978-0-7695-4109-9},
 pages = {2411--2414},
 numpages = {4},
 url = {http://dx.doi.org/10.1109/ICPR.2010.590},
 doi = {10.1109/ICPR.2010.590},
 acmid = {1905973},
 publisher = {IEEE Computer Society},
 address = {Washington, DC, USA},
 keywords = {Enhancement, whiteboard, black board, green board},
} 
@article{Delaye2014Multi,
  year={2014},
  issn={1433-2833},
  journal={International Journal on Document Analysis and Recognition (IJDAR)},
  doi={10.1007/s10032-014-0221-z},
  title={Multi-class segmentation of free-form online documents with tree conditional random fields},
  url={http://dx.doi.org/10.1007/s10032-014-0221-z},
  publisher={Springer Berlin Heidelberg},
  keywords={Document segmentation; Online documents; Unconstrained note-taking; Handwriting; Conditional random fields},
  author={Delaye, Adrien and Liu, Cheng-Lin},
  pages={1-17},
  language={English}
}
@book{duc1997art,
  title={L'art de la B.D.: Du sc{\'e}nario {\`a} la r{\'e}alisation graphique, tout sur la cr{\'e}ation des bandes dessin{\'e}es},
  author={Duc, B.},
  serie={v. 1},
  url={http://books.google.fr/books?id=2JUanAEACAAJ},
  year={1997},
  publisher={Editions Gl{\'e}nat}
}

@article{Sirin2007a,
author = {Sirin, Evren and Parsia, Bijan and {Cuenca Grau}, Bernardo and Kalyanpur, Aditya and Katz, Yarden},
doi = {http://dx.doi.org/10.1016/j.websem.2007.03.004},
file = {:D$\backslash$:/Documents/Mendeley Desktop//Sirin et al. - 2007 - Pellet A Practical OWL-DL Reasoner.pdf:pdf},
journal = {Web Semantics: Science, Services and Agents on the World Wide Web},
keywords = {description logics reasoning,semantic web,tableau-based,theorem proving,web ontology language},
number = {2},
pages = {51--53},
title = {{Pellet : A Practical OWL-DL Reasoner}},
volume = {5},
year = {2007}
}

@article{Haarslev2012,
author = {Haarslev, Volker and Hidde, Kay and M\"{o}ller, Ralf and Wessel, Michael},
doi = {10.3233/SW-2011-0032},
journal = {Semantic Web},
number = {3},
pages = {267--277},
title = {{The RacerPro knowledge representation and reasoning system}},
volume = {3},
year = {2012}
}

@article{wagner1974string,
  title={The string-to-string correction problem},
  author={Wagner, Robert A and Fischer, Michael J},
  journal={Journal of the ACM (JACM)},
  volume={21},
  number={1},
  pages={168--173},
  year={1974},
  publisher={ACM}
}

@article{everingham2010pascal,
  title={The pascal visual object classes (voc) challenge},
  author={Everingham, Mark and Van Gool, Luc and Williams, Christopher KI and Winn, John and Zisserman, Andrew},
  journal={International journal of computer vision},
  volume={88},
  number={2},
  pages={303--338},
  year={2010},
  publisher={Springer}
}
@book{salton1986introduction,
 author = {Chowdhury, G.},
 title = {Introduction to Modern Information Retrieval, Third Edition},
 year = {2010},
 isbn = {185604694X, 9781856046947},
 edition = {3rd},
 publisher = {Facet Publishing},
} 
@inproceedings{Smith2007Overview,
 author = {Smith, R.},
 title = {An Overview of the Tesseract OCR Engine},
 booktitle = {Proceedings of the Ninth International Conference on Document Analysis and Recognition - Volume 02},
 series = {ICDAR '07},
 year = {2007},
 isbn = {0-7695-2822-8},
 pages = {629--633},
 numpages = {5},
 url = {http://dl.acm.org/citation.cfm?id=1304596.1304846},
 acmid = {1304846},
 publisher = {IEEE Computer Society},
 address = {Washington, DC, USA},
} 


@article{Li2013Comic,
author = {Li, Luyuan and Wang, Yongtao and Tang, Zhi and Liu, Dong},
title = {Comic image understanding based on polygon detection},
journal = {Proc. SPIE},
volume = {8658},
pages = {86580B-86580B-11},
year = {2013},
doi = {10.1117/12.2003550},
URL = { http://dx.doi.org/10.1117/12.2003550}
}
@article{Luyuan2014Automatic,
  author    = {Luyuan Li and
               Yongtao Wang and
               Zhi Tang and
               Liangcai Gao},
  title     = {Automatic comic page segmentation based on polygon detection},
  journal   = {Multimedia Tools Appl.},
  volume    = {69},
  number    = {1},
  year      = {2014},
  pages     = {171-197},
  ee        = {http://dx.doi.org/10.1007/s11042-012-1241-7},
  bibsource = {DBLP, http://dblp.uni-trier.de}
}

@article{Ponsard09,
  author = {Ponsard, Christophe},
  date = {2009-10-13},
  description = {dblp},
  journal = {e-Minds},
  keywords = {dblp},
  number = 5,
  timestamp = {2009-10-13T00:00:00.000+0200},
  title = {Enhancing the Accessibility for All of Digital Comic Books.},
  url = {http://dblp.uni-trier.de/db/journals/eminds/eminds1.html#Ponsard09},
  volume = {1},
  year = {2009}
}
@inproceedings{Raulet2013Comics,
author={Raulet J{\'e}r{\'e}my and Boyer Vincent},
booktitle={Proceedings of the 21st International Conference in Central Europe on Computer Graphics, Visualization and Computer Vision (WSCG)},
title={Comics reading: An automatic script generation},
year={2013},
pages={88-96},
ISBN={978-80-86943-75-6}
}

@inproceedings{Li2013Unsupervised,
author={Luyuan Li and Yongtao Wang and Zhi Tang and Xiaoqing Lu and Liangcai Gao},
booktitle={12th International Conference on Document Analysis and Recognition (ICDAR)},
title={Unsupervised Speech Text Localization in Comic Images},
year={2013},
month={Aug},
pages={1190-1194},
keywords={Bayes methods;image classification;mobile computing;speech synthesis;Bayesian classifier;character concurrence;character string generation;comic images;mobile devices;unsupervised speech text localization method;Algorithm design and analysis;Image color analysis;Mobile handsets;Speech;Speech recognition;Standards;Training data;Bayesian classifier;font set;hypothesis test;text line generation;text localization},
doi={10.1109/ICDAR.2013.241},
ISSN={1520-5363}
}

@inproceedings{Su11,
 author = {Su, Chung-Yuan and Chang, Ray-I and Liu, Jen-Chang},
 title = {Recognizing Text Elements for SVG Comic Compression and Its Novel Applications},
 booktitle = {Proceedings of the 11th International Conference on Document Analysis and Recognition (ICDAR)},
 series = {ICDAR '11},
 year = {2011},
 isbn = {978-0-7695-4520-2},
 pages = {1329--1333},
 numpages = {5},
 url = {http://dx.doi.org/10.1109/ICDAR.2011.267},
 doi = {10.1109/ICDAR.2011.267},
 acmid = {2067573},
 publisher = {IEEE Computer Society},
 address = {Washington, DC, USA},
 keywords = {text detection, SVG, vector compression, SCW segmentation},
} 
@inproceedings{Rigaud2013VISAPP,
    title = {Automatic Text Localisation in Scanned Comic Books},
    author = {Rigaud, Christophe and Karatzas, Dimosthenis and Van de Weijer
, Joost and Burie, Jean-Christophe and Ogier, Jean-Marc},
    keywords = {Text localization, comics, text/graphic separation, complex background, unstructured document},
    booktitle = {Proceedings of the 8th International Conference on Computer Vision Theory and Applications (VISAPP)},
    publisher = {SCITEPRESS Digital Library},
    year = {2013}
}

@article{borodo2014multimodality,
  title={Multimodality, translation and comics},
  author={Borodo, Micha{\l}},
  journal={Perspectives},
  
  pages={1--20},
  year={2014},
  publisher={Taylor \& Francis}
}
@inproceedings{Singh2004,
 author = {Singh, Siddharth and Cheok, Adrian David and Ng, Guo Loong and Farbiz, Farzam},
 title = {3D Augmented Reality Comic Book and Notes for Children Using Mobile Phones},
 booktitle = {Proceedings of the 2004 Conference on Interaction Design and Children: Building a Community},
 series = {IDC '04},
 year = {2004},
 isbn = {1-58113-791-5},
 location = {Maryland},
 pages = {149--150},
 numpages = {2},
 url = {http://doi.acm.org/10.1145/1017833.1017864},
 doi = {10.1145/1017833.1017864},
 acmid = {1017864},
 publisher = {ACM},
 address = {New York, NY, USA},
 keywords = {augmented reality, bluetooth, mobile phone},
} 

@ARTICLE{Back2001,
author={Back, M. and Gold, R. and Balsamo, A. and Chow, M. and Gorbet, M. and Harrison, S. and MacDonald, D. and Minnerman, S.},
journal={Computer},
title={Designing innovative reading experiences for a museum exhibition},
year={2001},
month={Jan},
volume={34},
number={1},
pages={80-87},
ISSN={0018-9162}
}

@misc{Brandon2014,
  author = {DC Brandon},
  title = {Graphic novels and comics for the visually impaired explored in award-winning paper},
  year = {2014},
  url = {http://beditionmagazine.com/graphic-novels-and-comics-for-the-visually-impaired-explored-in-award-winning-paper/},
  urldate = {2014-04-02}
}
@misc{IBISWorld2013,
  author = {IBISWorld},
  title = {Comic Book Publishing in the US: Market Research Report},
  year = {2013},
  url = {http://www.ibisworld.com/industry/comic-book-publishing.html},
  urldate = {2014-04-02}
}
@misc{Stewart2000,
  author = {Stewart, Alan},
  title = {A Brief History of the American Comic Book Industry},
  year = {2000},
  url = {http://www.camelot4colors.com/history.htm},
  urldate = {2014-04-02}
}
@misc{Japan2013,
  author = {Japan Book Publishers Association},
  title = {An Introduction to Publishing in Japan 2012-2013},
  year = {2012},
  url = {http://www.acbd.fr/2044/les-bilans-de-l-acbd/2013-lannee-de-la-deceleration/},
  urldate = {2014-04-02}
}
@misc{Ratier2013,
  author = {Gilles Ratier},
  title = {2013 : l'ann{\'e}e de la d{\'e}c{\'e}l{\'e}ration},
  year = {2013},
  url = {http://www.jbpa.or.jp/en/pdf/pdf01.pdf},
  urldate = {2014-04-02}
}
@book{McCloud94,
  title={Understanding comics},
  author={McCloud, S.},
  year={1994},
  publisher={William Morrow Paperbacks}
}
@book{Thomas2010Invisible,
year={2010},
isbn={978-0-292-73743-3},
title={Invisible Art, Invisible Planes, Invisible People},
author = {Thomas, Evan},
publisher={University of Texas Press},
series={Multicultural Comics: From Zap to Blue Beetle},
pages={161}
}
@book{Varnum2007Language,
year={2007},
isbn={978-1-57806-414-4},
title={The Language of Comics: Word and Image},
author = {Robin Varnum, Christina T., Gibbons},
publisher={University Press of Mississippi},
series={Studies in Popular Culture},
pages={161}
}
@inproceedings{Mao2003Document,
  author = {Mao, Song and Rosenfeld, Azriel and Kanungo, Tapas},
  booktitle = {DRR},
  date = {2008-02-06},
  description = {dblp},
  editor = {Kanungo, Tapas and Smith, Elisa H. Barney and Hu, Jianying and Kantor, Paul B.},
  isbn = {0-8194-4810-9},
  keywords = {dblp},
  pages = {197-207},
  publisher = {SPIE},
  series = {SPIE Proceedings},
  timestamp = {2008-02-06T00:00:00.000+0100},
  title = {Document structure analysis algorithms: a literature survey.},
  volume = {5010},
  year = {2003}
}
@article{Ogier2000Semantic,
author={Ogier, J.M. and Mullot, R. and Labiche, J. and Lecourtier, Y.},
journal={Systems, Man, and Cybernetics, Part B: Cybernetics, IEEE Transactions on},
title={Semantic coherency: the basis of an image interpretation device-application to the cadastral map interpretation},
year={2000},
month={Apr},
volume={30},
number={2},
pages={322-338},
keywords={cartography;document image processing;French cadaster;cadastral map interpretation;cartographic documents;image interpretation;interpretation results;technical documents;Computer science;Data engineering;Engineering drawings;Helium;Information analysis;Information processing;Local government;Software performance;Telephony;Text analysis},
doi={10.1109/3477.836380},
ISSN={1083-4419},}

@incollection{Rigaud2012LNCS,
year={2013},
isbn={978-3-642-36823-3},
booktitle={Graphics Recognition. New Trends and Challenges},
volume={7423},
series={Lecture Notes in Computer Science},
editor={Kwon, Young-Bin and Ogier, Jean-Marc},
doi={10.1007/978-3-642-36824-0_13},
title={Robust Frame and Text Extraction from Comic Books},
publisher={Springer Berlin Heidelberg},
keywords={comic books; comics frame extraction; comics text extraction; segmentation; connected-component labeling; k-means},
author={Rigaud, Christophe and Tsopze, Norbert and Burie, Jean-Christophe and Ogier, Jean-Marc},
pages={129-138}
}
@inproceedings{Guerin2013,
  title = {eBDtheque: a representative database of comics},
  author = {Gu{\'e}rin, Cl{\'e}ment and Rigaud, Christophe and Mercier, Antoine and al.},
  booktitle = {Proceedings of International Conference on Document Analysis and Recognition (ICDAR)},
  address = {Washington DC},
  year = {2013},
}
@article{Fidler2012Describing,
author = {S. Fidler and  Jian Yao and R. Urtasun},
title = {Describing the scene as a whole: Joint object detection, scene classification and semantic segmentation},
journal ={2013 IEEE Conference on Computer Vision and Pattern Recognition},
volume = {0},
issn = {1063-6919},
year = {2012},
pages = {702-709},
doi = {http://doi.ieeecomputersociety.org/10.1109/CVPR.2012.6247739},
publisher = {IEEE Computer Society},
address = {Los Alamitos, CA, USA},
}
@article{Li2012Toward,
  author    = {Congcong Li and
               Adarsh Kowdle and
               Ashutosh Saxena and
               Tsuhan Chen},
  title     = {Toward Holistic Scene Understanding: Feedback Enabled Cascaded
               Classification Models},
  journal   = {IEEE Trans. Pattern Anal. Mach. Intell.},
  volume    = {34},
  number    = {7},
  year      = {2012},
  pages     = {1394-1408}
}
@inproceedings{Guerin2012Ontologies,
    title = {{Ontologies and spatial relations applied to comic books reading.}},
    author = {Gu{\'e}rin, Cl{\'e}ment},
    booktitle = {{PhD Symposium of Knowledge Engineering and Knowledge Management (EKAW)}},
    address = {Galway, Ireland},
    year = {2012},
}
@inproceedings{Hermann2012Guided,
  author = {Hermann, Alice and Ferré, Sébastien and Ducassé, Mireille},
  biburl = {http://www.bibsonomy.org/bibtex/216e6bab25e9932646445c9b8f9e2c27a/dblp},
  booktitle = {EKAW},
  isbn = {978-3-642-33875-5},
  keywords = {dblp},
  pages = {430-433},
  publisher = {Springer},
  series = {Lecture Notes in Computer Science},
  timestamp = {2012-09-17T00:00:00.000+0200},
  title = {Guided Semantic Annotation of Comic Panels with Sewelis.},
  url = {http://dblp.uni-trier.de/db/conf/ekaw/ekaw2012.html#HermannFD12a},
  volume = {7603},
  year = {2012}
}
@inbook{Aaron2011,
 author = {Aaron Meskin and Roy T. Cook},
 title = {The Art of Comics: A Philosophical Approach - Ch 2 The Ontology of Comics},
 year = {2011},
 publisher = {John Wiley and Sons},
 address = {New York, USA},
 volume = {1},
 pages = {218-285},
 isbn = "9781444354829"
 }
@article{Sarwar2013Ontology,
title = "Ontology based Image Retrieval Framework Using Qualitative Semantic Image Descriptions ",
journal = "Procedia Computer Science ",
volume = "22",
number = "0",
pages = "285 - 294",
year = "2013",
note = "17th International Conference in Knowledge Based and Intelligent Information and Engineering Systems - \{KES2013\} ",
issn = "1877-0509",
doi = "http://dx.doi.org/10.1016/j.procs.2013.09.105",
author = "Sohail Sarwar and Zia Ul Qayyum and Saqib Majeed"
}

@article{Blaschke2014Geographic,
title = "Geographic Object-Based Image Analysis – Towards a new paradigm ",
journal = "\{ISPRS\} Journal of Photogrammetry and Remote Sensing ",
volume = "87",
number = "0",
pages = "180 - 191",
year = "2014",
issn = "0924-2716",
doi = "http://dx.doi.org/10.1016/j.isprsjprs.2013.09.014",
url = "http://www.sciencedirect.com/science/article/pii/S0924271613002220",
author = "Thomas Blaschke and Geoffrey J. Hay and Maggi Kelly and Stefan Lang and Peter Hofmann and Elisabeth Addink and Raul Queiroz Feitosa and Freek van der Meer and Harald van der Werff and Frieke van Coillie and Dirk Tiede"
}
@article{Hudelot2008Fuzzy,
title = "Fuzzy spatial relation ontology for image interpretation ",
journal = "Fuzzy Sets and Systems ",
volume = "159",
number = "15",
pages = "1929 - 1951",
year = "2008",
note = "From Knowledge Representation to Information Processing and Management Selected papers from the French Fuzzy Days (LFA 2006) ",
issn = "0165-0114",
doi = "http://dx.doi.org/10.1016/j.fss.2008.02.011",
author = "Céline Hudelot and Jamal Atif and Isabelle Bloch"
}
@inproceedings{Mezaris03anontology,
    author = {Vasileios Mezaris and Ioannis Kompatsiaris and Michael G. Strintzis},
    title = {An Ontology Approach to Object-Based Image Retrieval},
    booktitle = {In Proc. IEEE Int. Conf. on Image Processing (ICIP03},
    year = {2003},
    pages = {511--514}
}
@inproceedings{Hu2003Ontology,
  author = {Hu, B. and Dasmahapatra, S. and Lewis, P. and Shadbolt, N.},
  booktitle = {Tools with Artificial Intelligence, 2003. Proceedings of the 15th
  Int. Conf. on Tools with Artificial Intelligence (ICTAI'03)},
  keywords = {phd thesis-fuzzydls thesis-semantic-multimedia},
  timestamp = {2009-02-13T13:32:50.000+0100},
  title = {Ontology-Based Medical Image Annotation with Description Logics},
  year = 2003
}

@article{Sciascio2011Structured,
  author    = {Eugenio Di Sciascio and
               Francesco M. Donini and
               Marina Mongiello},
  title     = {Structured Knowledge Representation for Image Retrieval},
  journal   = {CoRR},
  volume    = {abs/1109.1498},
  year      = {2011}
}

@InProceedings{RigaudDAS2014,
  author       = "Rigaud, Christophe and Karatzas, Dimosthenis and Burie, Jean-Christophe and Ogier, Jean-Marc",
  title        = "Color descriptor for content-based drawing retrieval",
  booktitle    = "Proceedings of International Workshop on Document Analysis Systems (DAS)",
  year         = "2014",
  address      = "Tours, France",
}

@Article{otsu79,
  author =       "N. Otsu",
  title =        "A threshold selection method from gray level
                 histograms",
  journal =      "{IEEE} Trans. Systems, Man and Cybernetics",
  year =         "1979",
  volume =       "9",
  pages =        "62--66",
  month =        mar,
  keywords =     "threshold selection",
  note =         "minimize inter class variance",
}
@inbook{Kaiser66,
 author = {J. F. Kaiser},
 title = {Systems analysis by digital computer - Ch 7 Digital Filters},
 year = {1966},
 publisher = {John Wiley and Sons},
 address = {New York, USA},
 volume = {1},
 pages = {218-285},
 url = {http://en.wikipedia.org/wiki/Window_function}
}

@incollection{sawada2013film,
  title={Film Comic Generation with Eye Tracking},
  author={Sawada, Tomoya and Toyoura, Masahiro and Mao, Xiaoyang},
  booktitle={Advances in Multimedia Modeling},
  pages={467--478},
  year={2013},
  publisher={Springer}
}
@InProceedings{SunICDAR2013,
  author       = "Sun,Weihan and Kise, Koichi and Burie, Jean-Christophe and Ogier, Jean-Marc",
  title        = " Specific Comic Character Detection Using Local Feature Matching",
  booktitle    = "Proceedings of International Conference on Document Analysis and Recognition (ICDAR 2013)",
  year         = "2013",
  address      = "Washington, USA",
}
@InProceedings{HoGREC2013,
  author       = " Ho, Hoang Nam and Rigaud, Christophe and Burie, Jean-Christophe and Ogier, Jean-Marc",
  title        = " Redundant structure detection in attributed adjacency graphs for character detection in comics books",
  booktitle    = " Proceedings of the 10th IAPR International Workshop on Graphics Recognition (GREC)",
  year         = "2013",
  address      = "Bethlehem, PA, USA",
}
@article{WangHYYC12,
  added-at = {2012-05-16T00:00:00.000+0200},
  author = {Wang, Meng and Hong, Richang and Yuan, Xiao-Tong and Yan, Shuicheng and Chua, Tat-Seng},
  journal = {IEEE Transactions on Multimedia},
  number = {3-2},
  pages = {858-870},
  title = {Movie2Comics: Towards a Lively Video Content Presentation.},
  volume = {14},
  year = {2012}
}
@InProceedings{Khan12,
  author       = "Fahad Shahbaz Khan and Muhammad Anwer Rao and Joost van de Weijer and Andrew D. Bagdanov and Maria Vanrell and Antonio Lopez",
  title        = "Color Attributes for Object Detection",
  booktitle    = "Twenty-Fifth IEEE Conference on Computer Vision and Pattern Recognition (CVPR 2012)",
  year         = "2012"
}
@InProceedings{Dalal05,
  author       = "Navneet Dalal and Bill Triggs",
  title        = "Histograms of Oriented Gradients for Human Detection",
  booktitle    = "International Conference on Computer Vision \& Pattern Recognition",
  volume       = "2",
  pages        = "886-893",
  month        = "June",
  year         = "2005",
  editor       = "Cordelia Schmid and Stefano Soatto and Carlo Tomasi",
  address      = "INRIA Rh\^one-Alpes, ZIRST-655, av. de l'Europe, Montbonnot-38334",
  keywords     = "LEAR, ACEMEDIA, LAVA",
  url          = "http://lear.inrialpes.fr/pubs/2005/DT05"
}
@inproceedings{Sun2010,
  author = {Sun, Weihan and Kise, Koichi},
  booktitle = {ICWF},
  editor = {Sako, Hiroshi and Franke, Katrin and Saitoh, Shuji},
  ee = {http://dx.doi.org/10.1007/978-3-642-19376-7_11},
  isbn = {978-3-642-19375-0},
  keywords = {dblp},
  pages = {126-137},
  publisher = {Springer},
  series = {Lecture Notes in Computer Science},
  timestamp = {2011-02-21T00:00:00.000+0100},
  title = {Similar Partial Copy Detection of Line Drawings Using a Cascade Classifier and Feature Matching.},
  volume = 6540,
  year = 2010,
}
@article{Sun2013IJDAR,
	year={2013},
	issn={1433-2833},
	journal={International Journal on Document Analysis and Recognition (IJDAR)},
	volume={16},
	number={4},
	doi={10.1007/s10032-013-0199-y},
	title={Detection of exact and similar partial copies for copyright protection of manga},
	url={http://dx.doi.org/10.1007/s10032-013-0199-y},
	publisher={Springer Berlin Heidelberg},
	keywords={Manga; Printed copy; Hand-drawn copy; Similar copy; Partial copy; Content-based image retrieval},
	author={Sun, Weihan and Kise, Koichi},
	pages={331-349},
	language={English}
}
@inproceedings{rigaud2013active,
    title = {An active contour model for speech balloon
detection in comics},
    author = {Rigaud, Christophe and Karatzas, Dimosthenis and Van de Weijer
, Joost and Burie, Jean-Christophe and Ogier, Jean-Marc},
    booktitle = {Proceedings of the 12th International Conference on Document Analysis and Recognition (ICDAR)},
    publisher = {IEEE},
    year = {2013}
}

@inproceedings{Ho2012,
author = {Ho, Anh Khoi Ngo and Burie, Jean-Christophe and Ogier, Jean-Marc},
doi = {10.1109/DAS.2012.66},
isbn = {978-0-7695-4661-2},
booktitle = {2012 10th IAPR International Workshop on Document Analysis Systems},
keywords = {-comic book,comic page segmentation,comic panel extraction,loon extraction,mathematical morphology,region growing,speech bal-},
month = mar,
pages = {424--428},
publisher = {Ieee},
title = {{Panel and Speech Balloon Extraction from Comic Books}},
year = {2012}
}

@inbook{Bubble09,
 author = {Cyb},
 title = {Bubbleg\^{o}m G\^{o}m vol. 1, pp. 3},
 year = {2009},
 publisher = {Studio Cyborga},
 address = {Goven, France},
 volume = {1},
 pages = {3},
 url = {http://bubblegom.webcomics.fr/page/les-filles-de-troisieme}
}

@inproceedings{rigaud2012extraction,
    title = {Extraction robuste des cases et du texte de bandes dessin{\'e}es},
    author = {Rigaud, Christophe and Tsopze, Norbert and Burie, Jean-Christophe and Ogier, Jean-Marc},
    keywords = {bandes dessin{\'e}es, extraction de cases, extraction de bulles, segmentation, composantes connexes, k-means},
    language = {Fran{\c c}ais},
    affiliation = {Laboratoire Informatique, Image et Interaction - L3I},
    pages = {349-360},
    booktitle = {Proceedings of Colloque International Francophone sur l'Ecrit et le Document (CIFED)},
    year = {2012}
}
@incollection{stommel2012segmentation,
  title={Segmentation-free detection of comic panels},
  author={Stommel, Martin and Merhej, Lena I and M{\"u}ller, Marion G},
  booktitle={Computer Vision and Graphics},
  pages={633--640},
  year={2012},
  publisher={Springer}
}

@incollection{ponsard2012ocr,
  title={An OCR-Enabled digital comic books viewer},
  author={Ponsard, Christophe and Ramdoyal, Ravi and Dziamski, Daniel},
  booktitle={Computers Helping People with Special Needs},
  pages={471--478},
  year={2012},
  publisher={Springer}
}

@article{li2012automatic,
	year={2012},
	issn={1380-7501},
	journal={Multimedia Tools and Applications},
	doi={10.1007/s11042-012-1241-7},
	title={Automatic comic page segmentation based on polygon detection},
	url={http://dx.doi.org/10.1007/s11042-012-1241-7},
	publisher={Springer US},
	keywords={Comic image segmentation; Polygon detection; Line clustering; Line segment detection; Integral image},
	author={Li, Luyuan and Wang, Yongtao and Tang, Zhi and Gao, Liangcai},
	volume = {11042},
	pages={1-27},
	language={English}
}

@inproceedings{Han07,
 author = {Eunjung Han and Kirak Kim and HwangKyu Yang and Keechul Jung},
 title = {Frame segmentation used MLP-based X-Y recursive for mobile cartoon content},
 booktitle = {Proceedings of the 12th international conference on Human-computer interaction: intelligent multimodal interaction environments},
 series = {HCI'07},
 year = {2007},
 isbn = {978-3-540-73108-5},
 location = {Beijing, China},
 pages = {872--881},
 numpages = {10},
 url = {http://dl.acm.org/citation.cfm?id=1769590.1769690},
 acmid = {1769690},
 publisher = {Springer-Verlag},
 address = {Berlin, Heidelberg},
 keywords = {MLP, frame segmentation, mobile cartoon contents, x-y recursive},
} 
@book{Pratt91,
 author = {Pratt and William K.},
 title = {Digital image processing (2nd ed.)},
 year = {1991},
 isbn = {0-471-85766-1},
 publisher = {John Wiley \& Sons, Inc.},
 address = {New York, NY, USA}
} 
@book{Boston10,
 author = {Olivier Jolivet},
 title = {BostonPolice},
 year = {2010},
 isbn = {2353252443},
 publisher = {Clair de Lune},
 address = {Allauch, France}
} 
@book{Bubble09,
 author = {Cyb},
 title = {Bubblegôm},
 year = {2009},
 publisher = {Studio Cyborga},
 address = {Goven, France}
}
@book{Cyborg07,
 author = {Cyb},
 title = {La légende des Yaouanks},
 year = {2008},
 publisher = {Studio Cyborga},
 address = {Goven, France}
}
@book{Tou74,
        AUTHOR = "J.T. Tou and R.C. Gonzalez",
        TITLE = "Pattern Recognition Principles",
        PUBLISHER = "Addison-Wesley",
        ADDRESS = "USA",
        YEAR = 1974 
}
@book{Noeils11,
 author = {Lamisseb},
 title = {Les noeils Tome 1},
 year = {2011},
 publisher = {Bac@BD},
 address = {Valence, France}
}
@INPROCEEDINGS{Tan07,
AUTHOR = "Takamasa Tanaka and Kenji Shoji and Fubito Toyama and Juichi Miyamichi",
TITLE = "Layout Analysis of Tree-Structured Scene Frames in Comic Images.",
booktitle = "IJCAI'07",
PAGES = {2885-2890},
YEAR = {2007}  
}

@INPROCEEDINGS{Khoi11,
  author = {Anh Khoi Ngo Ho and Jean-Christophe Burie and Jean-Marc Ogier},
  title = {Comics page structure analysis based on automatic panel extraction},
  booktitle = {GREC 2011, Nineth IAPR International Workshop on Graphics Recognition},
  year = {2011},
  address = {Seoul, Korea},
  month = {September, 15-16},
} 
@article{Fle88,
  author = {Fletcher, L.A. and Kasturi, R.},
  interhash = {f1a10c02fa4b335e7a2ed207dd3ce1ab},
  intrahash = {0baf98dc4f9cbff3a9f331ec76899d80},
  journal = {{IEEE} Transactions on Pattern Analysis and Machine Intelligence},
  number = 6,
  pages = {910-918},
  title = {A robust algorithm for text string separation from mixed text/graphics
	images},
  volume = 10,
  year = 1988,
  month = nov
}
@article{Duda72,
 author = {Duda, Richard O. and Hart, Peter E.},
 title = {Use of the Hough transformation to detect lines and curves in pictures},
 journal = {Commun. ACM},
 volume = {15},
 issue = {1},
 month = {January},
 year = {1972},
 issn = {0001-0782},
 pages = {11--15},
 numpages = {5},
 url = {http://doi.acm.org/10.1145/361237.361242},
 doi = {http://doi.acm.org/10.1145/361237.361242},
 acmid = {361242},
 publisher = {ACM},
 address = {New York, NY, USA},
 keywords = {Hough transformation, colinear points, curve detection, line detection, pattern recognition, picture processing, point-line transformation},
} 

@article{Yam04,
  author    = {Masashi Yamada and
               Rahmat Budiarto and
               Mamoru Endo and
               Shinya Miyazaki},
  title     = {Comic Image Decomposition for Reading Comics on Cellular
               Phones},
  journal   = {IEICE Transactions},
  volume    = {87-D},
  number    = {6},
  year      = {2004},
  pages     = {1370-1376},
  ee        = {http://search.ieice.org/bin/summary.php?id=e87-d_6_1370},
  bibsource = {DBLP, http://dblp.uni-trier.de}
}
@inproceedings{Pon08,
  author    = "Christophe Ponsard and
               Vincent Fries",
  title     = {An Accessible Viewer for Digital Comic Books},
  booktitle = {ICCHP, LNCS 5105},
  pages     = {569--577},
  year      = {2008},
  publisher = {Springer-Verlag Berlin Heidelberg},
  ee        = "http://dx.doi.org/10.1007/978-3-540-70540-6_81",
  bibsource = {DBLP, http://dblp.uni-trier.de}
}
@ONLINE{Cibdi,
author 	     = "CIBDI",
title        = "Cité internationale de la bande dessinée et de l'image",
url          = "http://www.citebd.org/"
}

@ARTICLE{In11,
 author      = "Yusuke In and Takashi Oie and Masakazu Higuchi and Shuji Kawasaki and Atushi Koike and Hitomi Murakami",
 title       = "Fast frame decomposition and sorting by contour tracing for mobile phone comic images",
 journal   = "Internatinal journal of systems applications, engineering and development",
 volume      = {5},
 number	     = {2},
 pages	     = {216--223},
 year        = {2011},
 keywords    = "Comic, hough transform, image processing, layout analysis, mobile phone"
} 
@ARTICLE{Arai11,
 author      = {Kohei Arai and Herman Tolle},
 title       = {Method for Real Time Text Extraction of Digital Manga Comic},
 journal   = {International Journal of Image Processing (IJIP)},
 volume      = {4},
 number	     = {6},
 pages	     = {669--676},
 numpages    = {8},
 year        = {2011},
 keywords    = "Comic, hough transform, image processing, layout analysis, mobile phone"
} 

@inproceedings{Arai10,
 author = {Kohei Arai and Herman Tolle},
 title = {Method for Automatic E-Comic Scene Frame Extraction for Reading Comic on Mobile Devices},
 booktitle = {Seventh International Conference on Information Technology: New Generations},
 series = {ITNG '10},
 year = {2010},
 isbn = {978-0-7695-3984-3},
 pages = {370--375},
 numpages = {6},
 url = {http://dx.doi.org/10.1109/ITNG.2010.22},
 doi = {http://dx.doi.org/10.1109/ITNG.2010.22},
 acmid = {1848803},
 publisher = {IEEE Computer Society},
 address = {Washington, DC, USA},
 keywords = {content adaptation, e-comics, frame extraction},
}

@article{Arai2010Automatic, 
title={Automatic E-Comic Content Adaptation}, 
volume={1}, 
number={1}, 
journal={International Journal of Ubiquitous Computing (IJUC)}, 
author={Arai, Kohei and Tolle, Herman}, 
year={2010}, 
pages={1--11}
}

@BOOK{Kol97,
author       = "Charles Kolski",
title        = "Interfaces homme-machine",
publisher    = "Editions Hermès",
address      = "Paris",
year         = "1997",
}
@ARTICLE{Journet08,
AUTHOR = "Nicholas Journet and Jean-Yves Ramel and Rémy Mullot and Véronique Eglin",
TITLE = "Document image characterization using a multiresolution analysis of the texture: application to old documents",
JOURNAL = "IJDAR",
PAGES = "9-18",
YEAR = "2008",}
@ARTICLE{DF94b,
author       = "Igor Demeure  and  Jean Farhat",
title        = "Systèmes de processus légers : concepts et exemples",
journal      = "Technique et Science Informatiques",
volume       = "13",
number       = "6",
year         = "1994",
pages        = "765-795",
}

@INPROCEEDINGS{Lal97,
author       = "Alain Lallouet",
title        = "DP-LOG : un langage logique data-parallèle",
booktitle    = "Actes des 6\ieme journées francophones de programmation logique et
                        programmation par contraintes JFPLC'97",
address      = "Orléans",
month        = "26-28 \May",
year         = "1997",
publisher    = "Éditions Hermès, Paris",
pages        = "53-68",
}

@TECHREPORT{BDHR95,
author       = "Braun, T.  and  Diot, C.  and  Hoglander, A.  and  Roca, V.",
title        = "An experimental user level implementation of TCP",
institution  = "INRIA",
type         = "Rapport de recherche",
number       = "265",
month        = "\Sep",
year         = "1995"
}

@PHDTHESIS{Naw97,
author       = "Alphonse Nawrocki",
title        = "Contribution à la modélisation des câbles monotorons par éléments finis",
type         = "Thèse de doctorat",
school       = "Université de Nantes, École Centrale de Nantes",
year         = "1997",
}

@BOOK{Lam94,
author       = "Leslie Lamport",
title        = "\LaTeX -- A Document Preparation System --
                User's Guide and Reference Manual (updated for \LaTeX~2$_\epsilon$)",
edition      = "2nd",
publisher    = "Addison-Wesley",
year         = "1994",
}

@BOOK{GMS94,
author       = "M. Goossens and F. Mittelbach and A. Samarin",
title        = "The \LaTeX Companion",
publisher    = "Addison-Wesley",
year         = "1994",
}

@ARTICLE{Her99,
author       = "HERMES",
title        = "Consignes aux auteurs",
journal      = "Technique et Science Informatiques",
publisher    = "Hermès, Paris",
volume       = "18",
number       = "1",
year         = "1999",
pages        = "111-120",
}
