@Book{michael,
    author = "Michael Jackson",
    title = "My Kingdom For A Lollypop",
    publisher = "Neverland \& Everland Publishing",
    year = 2004
}
 
@Book{elvis,
    author = "Elvis Presley",
    title = "Turn Me One More Time",
    publisher = "Jail House Books",
    year = 1963
}
 
@Book{britney,
    author = "Britney Spears",
    title = "Let's Go Oversea To Canada",
    publisher = "Blonde, Blondt \& Blondey",
    year = 2007
}
 
@Book{marilyn,
    author = "Marilyn Manson",
    title = "I Love My Little Pony",
    publisher = "Pinc \& Cuddley Press",
    year = 2005
}
