@article{Mildenberger2002,
	AUTHOR = "Mildenberger, Peter and Eichelberg, Marco and Martin, Eric",
	TITLE = "Introduction to the DICOM standard.",
	JOURNAL = "Eur Radiol",
	VOLUME = "12",
	YEAR = "2002",
	NUMBER = "4",
	PAGES = "920-7",
	PubMedID = "11960249",
	ISSN = "0938-7994"
}

@article{Chabriais2004,
	title = "DICOM, le standard pour l'imagerie médicale",
	journal = "EMC - Radiologie",
	volume = "1",
	number = "6",
	pages = "577 - 603",
	year = "2004",
	note = "",
	issn = "1762-4185",
	doi = "DOI: 10.1016/j.emcrad.2004.09.002",
	url = "https://budistant.univ-angers.fr:443/http/www.sciencedirect.com/science/article/pii/S1762418504001025",
	author = "J. Chabriais and B. Gibaud",
	keywords = "DICOM",
	keywords = "Standard en imagerie médicale",
	keywords = "Réseau d'images",
	keywords = "Système d'information en imagerie",
	keywords = "Compte rendu structuré d'imagerie",
	keywords = "DICOM",
	keywords = "Medical Imaging standards",
	keywords = "Imaging network",
	keywords = "Imaging information system",
	keywords = "Imaging structured description"
}

@inproceedings{Ray1999,
  author = 		"S Ray and R H Turi",
  booktitle = 	"Proceedings of the 4th International Conference on Advances in Pattern Recognition and Digital Techniques",
  publisher = 	"India, ISBN: 81-7319-347-9",
  title = 		"Determination of number of clusters in K-means clustering and application in colour image segmentation (invited paper)",
  year = 2007
}

@inproceedings{Arthur2007,
  address = {Philadelphia, PA, USA},
  author = {David Arthur and Sergei Vassilvitskii},
  booktitle = {SODA '07: Proceedings of the eighteenth annual ACM-SIAM symposium on Discrete algorithms},
  interhash = {0be633834158a3c9cba959406c3e1964},
  intrahash = {553bbfa74b13c47b4e9c7c0034a8406e},
  pages = {1027--1035},
  publisher = {Society for Industrial and Applied Mathematics},
  title = {k-means++: the advantages of careful seeding},
  year = 2007,
  timestamp = 	{2010-01-19T11:49:24.000+0100},
  keywords = 	{algorithm careful clustering inex08paper kmeans kmeans++ paper seeding},
  added-at = 	{2010-01-19T11:49:24.000+0100},
  location = 	{New Orleans, Louisiana},
  description = {A very precise implementation of k-means with carefull seeding},
  isbn = {978-0-898716-24-5},
  biburl = {http://www.bibsonomy.org/bibtex/2553bbfa74b13c47b4e9c7c0034a8406e/sdo}
}

@article{Ranjan2010,
	author =       	"Ranjan Maitra, Anna D. Peterson and Arka P. Ghosh",
	title =        	"A systematic evaluation of different methods for initializing the K -means clustering algorithm",
	journal = 		"Computer Methods and Programs in Biomedicine",
	year = 	 		"2010",
}

@article{Sanfeliu2002,
	title = 	"Graph-based representations and techniques for image processing and image analysis",
	journal = 	"Pattern Recognition",
	volume = 	"35",
	number = 	"3",
	pages = 	"639 - 650",
	year = 		"2002",
	note = 		"",
	issn = 		"0031-3203",
	doi = 		"DOI: 10.1016/S0031-3203(01)00066-8",
	url = 		"https://budistant.univ-angers.fr:443/http/www.sciencedirect.com/science/article/B6V14-44HT4PW-11/2/08005640299873f107c2a49713c31122",
	author = 	"A. Sanfeliu and R. Alquézar and J. Andrade and J. Climent and F. Serratosa and J. Vergés"
}

@article{Fasquel2006,
	author =       	"J.-B. Fasquel and V. Agnus and J. Moreau and L. Soler and J. Marescaux",
	title =        	"An interactive medical image segmentation system based on the optimal management of regions of interest using topological medical knowledge",
	journal = 	"Computer Methods and Programs in Biomedicine",
	year = 	 	"2006",
	volume = 	"82",
	pages = 	"216-230"
}

@article{Bengoetxea2005,
	author = {Roberto Marcondes Cesar Junior and Endika Bengoetxea and Isabelle Bloch and Pedro Larrañaga},
	interhash = {7760b29dc3953b85bdd66d2d7b752d18},
	intrahash = {668f17ed4fe302a8b9b951a2e8d13784},
	journal = {Pattern Recognition},
	number = 11,
	pages = {2099-2113},
	title = {Inexact graph matching for model-based recognition: Evaluation and comparison of optimization algorithms.},
	url = {http://dblp.uni-trier.de/db/journals/pr/pr38.html#JuniorBBL05},
	volume = 38,
	year = 2005,
	keywords = {dblp},
	ee = {http://dx.doi.org/10.1016/j.patcog.2005.05.007},
	added-at = {2006-01-06T00:00:00.000+0100},
	description = {dblp},
	biburl = {http://www.bibsonomy.org/bibtex/2668f17ed4fe302a8b9b951a2e8d13784/dblp},
	date = {2006-01-06}
}

@article{Cuevas2010,
	author = 	"Erik Cuevas and Daniel Zaldivar and Marco Perez-Cisneros",
	title = 	"A novel multi-threshold segmentation approach based on differential evolution optimization",
	journal = 	"Expert Systems with Applications",
	volume = 	"37",
	number = 	"7",
	pages = 	"5265 - 5271",
	year = 		"2010"
}

@article{Moreno2008,
	author = 	"A. Moreno and C.M. Takemura and O. Colliot and O. Camara and I. Bloch",
	title = 	"Using anatomical knowledge expressed as fuzzy constraints to segment the heart in CT images",
	journal = 	"Pattern Recognition",
	volume = 	"41",
	number = 	"8",
	pages = 	"2525 - 2540",
	year = 		"2008"
}

@article{Kobashi1995,
	author = 	"Masaharu Kobashi and Linda G. Shapiro",
	title = 	"Knowledge-based organ identification from CT images",
	journal = 	"Pattern Recognition",
	volume = 	"28",
	number = 	"4",
	pages = 	"475 - 491",
	year = 		"1995",
}

@article{Zhang2008,
	author = 	"Hui Zhang and Jason E. Fritts and Sally A. Goldman",
	title = 	"Image segmentation evaluation: A survey of unsupervised methods",
	journal = 	"Computer Vision and Image Understanding",
	volume = 	"110",
	number = 	"2",
	pages = 	"260 - 280",
	year = 		"2008",
}

@article{Coudray2010,
	author = 	"Nicolas Coudray and Jean-Luc Buessler and Jean-Philippe Urban",
	title = 	"Robust threshold estimation for images with unimodal histograms",
	journal = 	"Pattern Recognition Letters",
	volume = 	"31",
	number = 	"9",
	pages = 	"1010 - 1019",
	year = 		"2010",
}

@article{Bhattacharyya2011,
	author = 	"Siddhartha Bhattacharyya and Ujjwal Maulik and Paramartha Dutta",
	title = 	"Multilevel image segmentation with adaptive image context based thresholding",
	journal = 	"Applied Soft Computing",
	volume = 	"11",
	number = 	"1",
	pages = 	"946 - 962",
	year = 		"2011",
}

@article{Cheng1998,
	author = 	"H. D. Cheng and Jim-Rong Chen and Jiguang Li",
	title = 	"Threshold selection based on fuzzy c-partition entropy approach",
	journal =	"Pattern Recognition",
	volume = 	"31",
	number = 	"7",
	pages = 	"857 - 870",
	year = 		"1998",
}

@article{Gupta1998,
	author =       	"L. Gupta and T. Sortrakul",
	title =        	"A gaussian-mixture-based image segmentation algorithm",
	journal = 	 "Pattern Recognition",
	year = 	 	"1998",
	volume = 	 "31",
	pages = 	 "315-325",
}

@article{Huang2008,
	author =       	"Z.-K. Huang and K.-W. Chau",
	title =        	"A new image thresholding method based on Gaussian mixture model",
	journal = 	 "Applied Mathematics and Computation",
	year = 	 	"2008",
	volume = 	 "205",
	pages = 	 "899-907",
	month = 	 "",
}

@article{Huang2009,
	author = 	"Deng-Yuan Huang and Chia-Hung Wang",
	title = 	"Optimal multi-level thresholding using a two-stage Otsu optimization approach",
	journal = 	"Pattern Recognition Letters",
	volume = 	"30",
	number = 	"3",
	pages = 	"275 - 284",
	year = 		"2009"
}

@InProceedings{C2,
	author = 	"Jones, C.D. and Smith, A.B. and Roberts, E.F.",
	title =        	"Article Title",
	booktitle =    	"Proceedings Title",
	organization = 	"IEEE",
	year = 	 	"2003",
	volume = 	"II",
	pages = 	"803-806",
}

@article{Hudelot2008,
	title = 	"Fuzzy spatial relation ontology for image interpretation",
	author = 	"C. Hudelot and J. Atif and I. Bloch",
	journal = 	"Fuzzy Sets and Systems",
	volume = 	"159",
	year = 		"2008",
	pages = 	"1929-1951",
	month = 	"",
}

@article{Atif2007,
	title = 	"Adaptation de connaissances génériques pour l’interprétation d’images médicales : représentations par ontologies et par graphes et modélisation floue",
	author = 	"J. Atif, C. Hudelot and I. Bloch",
	journal = 	".",
	volume = 	"",
	year = 		"2007",
	pages = 	"",
	month = 	"",
}

@article{hanbury2008,
	title = 	"A survey of methods for image annotation",
	author = 	"A. Hanbury",
	journal = 	"Journal of Visual Languages and Computing",
	volume = 	"19",
	year = 		"2008",
	pages = 	"617-627",
	month = 	"",
}
@article{maillot2008,
	title = 	"Ontology based complex object recognition",
	author = 	"N. E. Maillot and M. Thonnat",
	journal = 	"Journal of Visual Languages and Computing",
	volume = 	"19",
	year = 		"2008",
	pages = 	"617-627",
	month = 	"",
}

@article{deruyver2009,
	title = 	"Image interpretation with a conceptual graph: Labeling over-segmented images and detection of unexpected objects",
	author = 	"A. Deruyver and Y. Hod\'{e}b and L. Brun",
	journal = 	"Artificial Intelligence",
	volume = 	"173",
	year = 		"2009",
	pages = 	"1245-1265",
	month = 	""
}

@article{anouncia2009,
	title = 	"A knowledge model for gray scale image interpretation with emphasis on welding defect classification-An ontology based approach",
	author = 	"S. M. Anouncia and R. Saravanan",
	journal = 	"Computers in Industry",
	volume = 	"61",
	year = 		"2010",
	pages = 	"742-749",
	month = 	""
}

@BOOK{Gonzalez2008,
	author = 	"Gonzalez Woods and Eddins S. L.",
	title = 	"Digital Image Processing",
	publisher = 	"Prentice Hall",
	edition = 	"Third",
	year = 		"2008"
}

@article{rossner1990,
	title = 	"Adipose tissue determinations in cadavers—A comparison between cross-sectional planimetry and computed tomography",
	author = 	"S. Rossner, W. J. Bo, E. Hiltbrandt, W. Hinson, N. Karstaedt, P. Santago, W. T. Sobol, and J. R. Crouse",
	journal = 	"Computers in Industry",
	volume = 	"",
	year = 		"1990",
	pages = 	"",
	month = 	""
}

@article{zhu1986,
	title = 	"Accuracy of area measurements made from MR images compared with computed tomography",
	author = 	"X. P. Zhu, D. R. Checkley, D. S. Hickey, and I. Isherwood",
	journal = 	"Computers in Industry",
	volume = 	"",
	year = 		"1986",
	pages = 	"",
	month = 	""
}

@article{Brown1998,
	title = 	"Knowledge-based method for segmentation and analysis of lung boundaries in chest X-ray images",
	author = 	"Matthew S. Brown and Laurence S. Wilson and Bruce D. Doust and Robert W. Gill and Changming Sun",
	journal = 	"Computerized Medical Imaging and Graphics",
	volume = 	"22",
	number = 	"6",
	pages = 	"463 - 477",
	year = 		"1998"
}

@article{Egenhofer2009,
	title = 	"Topological Relations from Metric Refinements",
	author = 	"Max J. Egenhofer and Matthew P. Dube",
	journal = 	"National Center for Geographic Information and Analysis",
	volume = "",
	number = "",
	pages = "",
	year = 		"2009"
}

@article{Otsu1979,
	author = 	"Otsu",
	title = 	"A threshold selection method from gray-level histogram",
	journal = 	"IEEE Trans. Systems Man Cybern",
	year = 		"1979"
}


